%[1]
@article{Quadros2005,
author = {Quadros, Claudia Irene De},
journal = {Intercom},
pages = {65--69},
title = {{Dez Anos Depois do}},
volume = {1995},
year = {2005}
}


%[2]
@article{BNDES2013,
author = {BNDES},
journal = {Perspectivas do Investimento 2014-2017},
pages = {2},
title = {Perspectivas do investimento, n. 2, out. 2013},
year = {2013}
}


%[3]
@article{Tomael2001,
author = {Toma\'{e}l, Mi and Catarino, Me},
issn = {1809-4783},
journal = {Informa\c{c}\~{a}o \& \ldots},
pages = {1--14},
title = {{Avalia\c{c}\~{a}o de fontes de informa\c{c}\~{a}o na Internet: crit\'{e}rios de qualidade}},
url = {http://periodicos.ufpb.br/ojs/index.php/ies/article/viewFile/293/216},
year = {2001}
}

%[4]
@article{Twitter2015,
author = {Dorsey F, E. Williams, B. Stone, and N. Glass},
url = {https://pt.wikipedia.org/wiki/Twitter},
title = {{Twitter}},
month = {July},
year = {2015}
}

%[5]
@article{FrotaVeiculosIBGE,
author = {Instituto Brasileiro de Geografia e Estatística - IBGE},
title = {Regi\~{a}o Metropolitana do Recife no Contexto de Pernambuco no Censo 2010},
url = {http://www.cidades.ibge.gov.br/painel/frota.php?codmun=261160&search=pernambuco/recife/infograficos:frota-municipal-de-veiculos/&lang=_ES},
year = {2014}
}

%[6}
@misc{Aranha2006,
author = {Aranha, Christian e Passos, Emmanuel},
title = {A Tecnologia de Mineração de Textos},
booktitle = {RESI-Revista Eletrônica de Sistemas de Informação},
doi = {10.5329/171},
issn = {1677-3071},
keywords = {Data minig,Intelligent information sysems, Mineração de dados,Mineração de textos,Sistemas de Informaçao Inteligentes,Text mining},
number = {2},
pages = {1--8},
volume = {2},
year = {2006}
}


@article{Chapman2000,
abstract = {This document describes the CRISP-DM process model and contains information about the CRISP-DM methodology, the CRISP-DM reference model, the CRISP-DM user guide, and the CRISP-DM reports, as well as an appendix with additional related information. This document and information herein are the exclusive property of the partners of the CRISP-DM consortium: NCR Systems Engineering Copenhagen (USA and Denmark), DaimlerChrysler AG (Germany), SPSS Inc. (USA), and OHRA Verzekeringen en Bank Groep B.V. (The Netherlands).},
author = {Chapman, Pete and Clinton, Julian and Kerber, Randy and Khabaza, Thomas and Reinartz, Thomas and Shearer, Colin and Wirth, Rudiger},
journal = {CRISP-DM Consortium},
mendeley-groups = {DataMiningBigData},
pages = {76},
title = {{Crisp-Dm 1.0}},
year = {2000}
}

%[7]
@article{Crisp2000,
author = {R. Wirth}, 
title  = {CRISP-DM 1.0 – Step-by-step data mining guide},
pages = {7--10},
year = {2000}
}

%[8]
@article{DecisionTree,
author= {A. Srivastava, V. Katiyar and N. Singh},
title = {Review of Decision Tree Algorithm: Big Data Analytics},
journal={International Journal of Informative \& Futuristic Research},
number = {10},
pages = {3644--3654},
volume = {2},
year = {2015}
}

%[9]
@article{DataMining,
author= {J. Han, and M. Kamber},
title = {Data Mining: Concepts and Techniques},
publisher = {Elsevier, San Francisco},
volume = {2 edition},
year = {2006}
}


@article{DataMining2,
author= {J. Han, and M. Kamber},
title = {Data Mining: Concepts and Techniques},
publisher = {Elsevier, San Francisco},
pages = {15--16},
volume = {2 edition},
year = {2006}
}

%[10]
@article{DecisaoCredito,
author = {D. West},
title  = {Neural network credit scoring models -- Computers and Operations Research},
pages  = {1131 -- 1152},
year   = {2000}
}


%[11]
@article{RegrecaoLog,
author    = {HILBE, J. M.,},
title     = {Logistic Regression Models},
publisher = {Chapman and Hall -- CRC Press},
year      = {2009}
}

%[11]
@article{Amin2015a,
author = {Amin, Adnan and Faisal, Rahim and Imtiaz, Ali and Changez, Khan and Anwar, Sajid},
title = {A Comparison of Two Oversampling Techniques (SMOTE vs MTDF) for Handling Class Imbalance Problem: A Case Study of Customer Churn Prediction},
doi = {10.1007/978-3-319-16486-1},
isbn = {978-3-319-16485-4},
keywords = {big data,stock prediction,text mining},
pages = {215--225},
url = {http://link.springer.com/10.1007/978-3-319-16486-1},
volume = {353},
year = {2015}
}



%[12]
@article{TecnicaMineracao,
author= {Goldschmidt, R; Passos, E; Bezerra, E. },
title = {Data Mining: Conceitos, técnicas, algoritmos, orientações e aplicações}, 
publisher = {Ed. Elsevier, São Paulo},
volume = {2ª edição},
year = {2015}
}

%[13]
@article{ROC,
author= {J. P. Egan},
title = {Signal detection theory and ROC analysis},
publisher= {New York, USA: Academic Press},
year = {1975}
}

%[14] será que funciona a referencia do ano??
@article{MD_AM,
author = {The Anaesthetist},
url = {http://www.anaesthetist.com/mnm/stats/roc/Findex.htm},
year = {Acessado em: 20.jan.2015}
}

%[15]
@article{Discriminativo,
author = {Souza, C. R.},
url= {http://crsouza.com/2009/07/analise-de-poder-discriminativo-atraves-de-curvas-roc},
year = {Acessado em: 20.jan.2015}
}

%[16]
@article{DectionSignal,
author= {D. Green and J. A. Swets},
title = {Signal Detection Theory and Psychophysics},
publisher= {Los Altos, USA: Peninsula Publishing},
year = {1989}
}

%[17]
@article{AvalClass,
author= {R. C. Prati, G. E. A. P. A. Batista e M. C. Monard},
title = {Curva ROC para avaliacao de classificadores},
year  = {2014}
}


%[18]
@article{SRobotics,
author ={H. Ahmed, and J. Glasgow},
title={Swarm intelligence: concepts, models and applications},
journal={School of Computing, Queen's University},
year={2012},
publisher={Citeseer}
}



%[19]
@article{bigdataMedicina,
  author={S. E. Dilsizian, L. Eliot},
  title={Artificial Intelligence in Medicine and Cardiac Imaging: Harnessing Big Data and Advanced Computing to Provide Personalized Mecial Diagnosis and Treatment},
  pages={1}
}


%[20]
@article{bigdataQualquerUm,
  author={Jagadish, H. V., Gehrke, J., Labrinidis, A., Papakontantinou, Y., Patel, J. M., Ramakrishnan, R. and C. Shahabi},
  title={Exploring the inherent technical challenges in realizing the potential of Big Data},
  journal={Comunication of the ACM},
  volume={57},
  number={7},
  pages={86--96},
  month={July},
  year={2014}}

  
%[21]
@article{Dean2008,
author = {Dean, Jeffrey and Ghemawat, Sanjay},
title = {{MapReduce : Simplified Data Processing on Large Clusters}},
archivePrefix = {arXiv},
arxivId = {10.1.1.163.5292},
eprint = {10.1.1.163.5292},
institution = {Google, Inc.},
issn = {00010782},
journal = {Communications of the ACM},
number = {1},
pages = {1--13},
pmid = {11687618},
publisher = {ACM},
series = {SIGMOD '07},
url = {http://portal.acm.org/citation.cfm?id=1327492},
volume = {51},
year = {2008}
}

%[22]
@article{Swarm_Medeiros,
author={H. T. Medeiros, L. F. W. Góes, M. B. Carvalho},
title={Computação Bioinspirada aplicada à Robótica}

}  
 

%[23]
@article{chambers2014computer,
  author={W. D. Chambers},
  title={Computer simulation of dental professionals as a moral community},
  journal={Medicine, Health Care and Philosophy},
  volume={17},
  number={3},
  pages={467--476},
  year={2014},
  publisher={Springer}
}



%[24]ACO
@article{Blum2005,
author = {Blum, Christian},
title = {Ant colony optimization: Introduction and recent trends},
booktitle = {Physics of Life Reviews},
doi = {10.1016/j.plrev.2005.10.001},
issn = {15710645},
keywords = {Ant colony optimization,Discrete optimization,Hybridization},
number = {4},
pages = {353--373},
volume = {2},
year = {2005}
}

%[25]
@article{Baig2012,
author = {Baig, Abdul Rauf and Shahzad, Waseem},
title = {A correlation-based ant miner for classification rule discovery},
doi = {10.1007/s00521-010-0490-5},
issn = {09410643},
journal = {Neural Computing and Applications},
keywords = {Ant colony optimization (ACO),Classification rules,Data mining,Swarm intelligence},
number = {2},
pages = {219--235},
volume = {21},
year = {2012}
}


%[26]ACO
@article{Dorigo2005,
author = {Dorigo, Marco and Blum, Christian},
doi = {10.1016/j.tcs.2005.05.020},
isbn = {0304-3975},
issn = {03043975},
journal = {Theoretical Computer Science},
keywords = {Ant colony optimization,Approximate algorithms,Combinatorial optimization,Convergence,Metaheuristics,Model-based search,Stochastic gradient descent},
number = {2-3},
pages = {243--278},
title = {{Ant colony optimization theory: A survey}},
volume = {344},
year = {2005}
}


%[27] Filesystem
@book{Filesystem,
author = {Filho, João Heriberto Mota},
booktitle = {Descobrindo o Linux: entenda o sistema operacional GNU/Linux},
isbn = {978-85-7522-278-2},
pages = {153--162},
year = {2012}
}

%[28] botnets
@article{Barford2007,
author = {Barford, Paul and Yegneswaran, Vinod},
doi = {10.1007/978-0-387-44599-1},
isbn = {978-0-387-32720-4},
issn = {03601315},
journal = {Malware Detection},
pages = {171--191},
title = {An inside look at Botnets},
url = {http://www.springerlink.com/index/10.1007/978-0-387-44599-1},
volume = {27},
year = {2007}
}

%[29]
@article{MachineLearning,
author= {Ian H. Witten and Eibe Frank},
title = {Data Mining: Practical Machine Learning Tools and Techniques},
journal={Elsevier, San Francisco},
volume ={2 edition},
year = {2005}
}

%[30] mortor de busca
@article{motorBusca,
author = {Google, Inc},
year = {2015}
}


%[31]
@article{Learning2007,
author = {J. R. Quinlan},
title = {Induction of Decision Trees},
doi = {10.1023/A:1022643204877},
isbn = {0885-6125},
issn = {0885-6125, 1573-0565},
journal = {Expert Systems},
pages = {81--106},
pmid = {17050186},
publisher = {Learning, Machine and Learning, Machine and Publishers},
year = {2007}
}


%[32]
@article{Learning1979,
author = {J. R. Quinlan},
title = {Discovering rules by induction from large collections of examples},
journal = {Expert systems in the micro electronic age. Edinburgh University Press},
publisher = {In D. Michie},
year = {1979}
}


@article{Bitoun2012,
author = {Bitoun, Jan and Miranda, L\'{\i}via and {de Almeida Souza}, Maria \^{A}ngela and {Souza de Britto Lyra}, Maria Rejane},
pages = {25},
title = {Regi\~{a}o Metropolitana do Recife no Contexto de Pernambuco no Censo 2010},
url = {http://www.observatoriodasmetropoles.net/download/Texto\_BOLETIM\_RECIFE\_FINAL.pdf},
year = {2012}
}

@article{DadosGoverno,
url= {http://dados.gov.br/dados-abertos/},
acessado = {13.set.2016},
year = {2016}
}

@article{Costa2015,
author = {Costa, Jefferson De Jesus and Bernardini, Fl{\'{a}}via Cristina and Filho, Jos{\'{e}} Viterbo},
isbn = {2237-826X},
journal = {AtoZ: novas pr{\'{a}}ticas em informa{\c{c}}{\~{a}}o e conhecimento},
number = {2014},
pages = {1--26},
title = {{A minera{\c{c}}{\~{a}}o de dados e a qualidade de conhecimentos extra{\'{i}}dos dos boletins de ocorr{\^{e}}ncia das rodovias federais brasileiras}},
url = {http://ojs.c3sl.ufpr.br/ojs/index.php/atoz/rt/printerFriendly/41346/25356},
volume = {2},
year = {2015}
}

@article{Bradley1997,
abstract = {In this paper we investigate the use of the area under the receiver operating characteristic (ROC) curve (AUC) as a performance measure for machine learning algorithms. As a case study we evaluate six machine learning algorithms (C4.5, Multiscale Classifier, Perceptron, Multi-layer Perceptron, k-Nearest Neighbours, and a Quadratic Discriminant Function) on six “real world” medical diagnostics data sets. We compare and discuss the use of AUC to the more conventional overall accuracy and find that AUC exhibits a number of desirable properties when compared to overall accuracy: increased sensitivity in Analysis of Variance (ANOVA) tests; a standard error that decreased as both AUC and the number of test samples increased; decision threshold independent; and it is invariant to a priori class probabilities. The paper concludes with the recommendation that AUC be used in preference to overall accuracy for “single number” evaluation of machine learning algorithms.},
author = {Bradley, Andrew P.},
doi = {10.1016/S0031-3203(96)00142-2},
isbn = {0031-3203},
issn = {00313203},
journal = {Pattern Recognition},
mendeley-groups = {ArtigosDiversos},
number = {7},
pages = {1145--1159},
pmid = {17569110},
title = {{The use of the area under the ROC curve in the evaluation of machine learning algorithms}},
volume = {30},
year = {1997}
}

@article{possas1998data,
  author={POSSAS, BAV and CARVALHO, MLB de and REZENDE, RSF and MEIRA JR, W},
  title={Data mining: t{\'e}cnicas para explora{\c{c}}{\~a}o de dados},
  journal={Universidade Federal de Minas Gerais},
  year={1998}
}

@article{FayyadUeoutros,
author = {{FAYYAD, P., PIATETSKY-SHAPIRO, U.,  {\&} SMYTH, G.}},
doi = {10.1609/aimag.v17i3.1230},
journal = {Advances in Knowledge Discovery and Data Mining},
number = {3},
pages = {1--36},
title = {{From data mining to knowledge discovery in databases}},
volume = {17},
year = {1996}
}


@book{Heaton2008,
author = {Heaton, Jeff},
isbn = {1604390085},
mendeley-groups = {Minera{\c{c}}{\~{a}}oTextos},
pages = {440},
pmid = {1755794},
title = {{Introduction to Neural Networks for Java}},
volume = {99},
year = {2008}
}

@article{Castanheira,
author = {Castanheira, Luciana Gomes},
mendeley-groups = {MachineLearningBigDada},
number = {5531},
title = {{Aplica{\c{c}}{\~{a}}o de T{\'{e}}cnicas de Minera{\c{c}}{\~{a}}o de Dados em Problemas de Classifica{\c{c}}{\~{a}}o de Padr{\~{o}}es}}
}

@article{Tatibana,
author = {C. Y. Tatibana and D. Y. Kaetsy},
url= {http://www.din.uem.br/ia/neurais/#neural},
year = {Acessado em: 01.out.2016}
}


@book{	NorvigRussel2004,
	author = {Stuart RUSSEL and Peter NOVING},
	isbn = {8535211772},
	title = {{Integência Artificial}},
	publisher={Elsevier, Rio de Janeiro},
	volume ={2 edition},
	pages = {716--721},
	year = {2004}
}


@article{Maltez1991,
author = {Maltez},
file = {:home/otluiz/Mestrado/Cibern{\'{e}}tica/wiener.pdf:pdf},
journal = {ESPE},
mendeley-groups = {MachineLearningBigDada,Cibern{\'{e}}tica},
pages = {213},
title = {{Iener (1894-1963)}},
year = {1991}
}


@phdthesis{Salles2007,
	  author = {Salles, Fernando Ricardo},
	  file = {:home/otluiz/Mestrado/Cibern{\'{e}}tica/MES{\_}2007{\_}FernandoSalles.pdf:pdf},
	  keywords = {Antropologia,Antropomorfismo,Cibern{\'{e}}tica,Ci{\^{e}}ncia.,Cultura,Filosofia,Realimenta{\c{c}}{\~{a}}o,Teleologia,Wiener},
	  mendeley-groups = {MachineLearningBigDada,Cibern{\'{e}}tica},
	  school = {Universidade de S{\~{a}}o Paulo - USP},
	  title = {{A relev{\^{a}}ncia da cibern{\'{e}}tica}},
	  year = {2007},
	  type = {Disserta{\c{c}}{\~{a}}o de Mestrado}
}



@article{ Eaves,
	  author = {Eaves, D.},
	  title = {The Three Laws of Open Government Data},
	  year = {Acessado em: 24.out.2016},
	  url= {http://eaves.ca/2009/09/30/three-law-of-open-government-data/}
}


@article{ AAP,
	  author = {ZENG, Q., HUANG, H., PEI, X., WONG, S. C., GAO, M.},
	  title = {Rule extraction from an optimized neural network for traffic crash frequency modeling}
	  journal= {Elsevier, Acident Analysis and Prevention - AAP},
	  year = {2016},
	  url = {www.elsevier.com/locate/aap}
}


@Book{ Kriesel2007NeuralNetworks, 
       author = { David Kriesel }, 
       title =  { A Brief Introduction to Neural Networks },
       year =   { 2007 }, 
       url =   { available at http://www.dkriesel.com } 
     }
     
     
@article{ Barreto2002,
	  author = {Barreto, Jorge M},
	  file = {:home/otluiz/Mestrado/ArtigosRedesNeurais/RedesNeurais c{\'{o}}pia.pdf:pdf},
	  mendeley-groups = {RedesNeurais},
	  title = {{Jorge M. Barreto}},
	  year = {2002}
}

@article{Beshah2010,
author = {Beshah, T and Hill, S},
file = {:home/otluiz/Mestrado/ArtigosDM/j{\'{a}}-Lidos/AnaliseTr{\'{a}}ficoAcidentes{\_}Etiopia.pdf:pdf},
isbn = {9781577354550},
journal = {AAAI Spring Symposium - Technical Report},
keywords = {Technical Report SS-10-01},
mendeley-groups = {Regi{\~{a}}oMetropolitanaRecife/MineracaoPRF,ArtigosMinera{\c{c}}{\~{a}}o},
number = {1997},
pages = {14--19},
title = {{Mining road traffic accident data to improve safety: Role of road-related factors on accident severity in Ethiopia}},
url = {http://www.scopus.com/inward/record.url?eid=2-s2.0-77957956575{\&}partnerID=40{\&}md5=a06a85740a7d21166dadbb737ccfd110},
volume = {SS-10-01},
year = {2010}
}


@ARTICLE{5416718,
author={L. Cao},
journal={IEEE Transactions on Knowledge and Data Engineering},
title={Domain-Driven Data Mining: Challenges and Prospects},
volume={22},
number={6},
pages={755-769},
keywords={data mining;decision making;problem solving;data-centered knowledge discovery;domain-driven data mining;pattern identification;problem-solving system;real-world complex problems;real-world smart decision making;ubiquitous intelligence;Data mining;actionable knowledge discovery and delivery.;domain-driven data mining (D^3M)},
doi={10.1109/TKDE.2010.32},
ISSN={1041-4347},
month={June},
year={2010},}


@unpublished{Goodfellow-et-al-2016-Book,
    title={Deep Learning},
    author={Ian Goodfellow and Yoshua Bengio and Aaron Courville},
    note={Book in preparation for MIT Press},
    url={http://www.deeplearningbook.org},
    year={2016}
}

@book{Ben-David2014,
author = {Ben-David, Shai and Shalev-Shwartz, Shai},
booktitle = {Understanding Machine Learning: From Theory to Algorithms},
doi = {10.1017/CBO9781107298019},
file = {:home/otluiz/Mestrado/Aprendizagem de m{\'{a}}quina/understanding-machine-learning-theory-algorithms.pdf:pdf},
isbn = {9781107057135},
mendeley-groups = {MachineLearning},
pages = {449},
title = {{Understanding Machine Learning: From Theory to Algorithms}},
url = {http://www.cs.huji.ac.il/{~}shais/UnderstandingMachineLearning/understanding-machine-learning-theory-algorithms.pdf},
year = {2014}
}

@article{Nilsson2005,
abstract = {Machine learning and pattern recognition algorithms have in the past years developed to become a working horse in brain imaging and the computational neurosciences, as they are instrumental for mining vast amounts of neural data of ever increasing measurement precision and detecting minuscule signals from an overwhelming noise floor. They provide the means to decode and characterize task relevant brain states and to distinguish them from non-informative brain signals. While undoubtedly this machinery has helped to gain novel biological insights, it also holds the danger of potential unintentional abuse. Ideally machine learning techniques should be usable for any non-expert, however, unfortunately they are typically not. Overfitting and other pitfalls may occur and lead to spurious and nonsensical interpretation. The goal of this review is therefore to provide an accessible and clear introduction to the strengths and also the inherent dangers of machine learning usage in the neurosciences.},
archivePrefix = {arXiv},
arxivId = {0904.3664v1},
author = {Nilsson, Nils J},
doi = {10.1016/j.neuroimage.2010.11.004},
eprint = {0904.3664v1},
file = {:home/otluiz/Mestrado/Aprendizagem de m{\'{a}}quina/MLBOOK.pdf:pdf},
isbn = {9780262012430},
issn = {10959572},
journal = {Machine Learning},
mendeley-groups = {MachineLearning},
number = {2},
pages = {387--99},
pmid = {21172442},
title = {{Introduction to Machine Learning}},
url = {http://www.ncbi.nlm.nih.gov/pubmed/21172442},
volume = {56},
year = {2005}
}

